%% This BibTeX bibliography file was created using BibDesk.
%% https://bibdesk.sourceforge.io/

%% Created for Alice  Kwon at 2018-09-10 22:12:07 -0400 


%% Saved with string encoding Unicode (UTF-8) 



@article {adams2021generalized,
  title={Generalized Augmented Cellular Alternating Links in Thickened Surfaces are Hyperbolic},
  author={Adams, Colin and Capovilla-Searle, Michele and Li, Darin and Li, Qiao and McErlean, Jacob and Simons, Alexander and Stewart, Natalie and Wang, Xiwen},
  journal={arXiv preprint arXiv:2107.05406},
  year={2021}
}


@article{kwon2020fully,
  title={Fully Augmented Links in the Thickened Torus},
  author={Kwon, Alice},
  journal={arXiv preprint arXiv:2007.12773},
  year={2020}
}

@article {lackenby1,
    AUTHOR = {Lackenby, Marc},
     TITLE = {Word hyperbolic {D}ehn surgery},
   JOURNAL = {Invent. Math.},
  FJOURNAL = {Inventiones Mathematicae},
    VOLUME = {140},
      YEAR = {2000},
    NUMBER = {2},
     PAGES = {243--282},
      ISSN = {0020-9910},
   MRCLASS = {57M07 (20F65 20F67 57M05 57N10)},
  MRNUMBER = {1756996},
MRREVIEWER = {William H. Jaco},
       DOI = {10.1007/s002220000047},
       URL = {https://doi-org.ezproxy.gc.cuny.edu/10.1007/s002220000047},
}

@inproceedings {Babai,
AUTHOR = {Babai, L\'{a}szl\'{o}},
TITLE = {The growth rate of vertex-transitive planar graphs},
 BOOKTITLE = {Proceedings of the {E}ighth {A}nnual {ACM}-{SIAM} {S}ymposium on {D}iscrete {A}lgorithms ({N}ew {O}rleans, {LA}, 1997)},
     PAGES = {564--573},
 PUBLISHER = {ACM, New York},
 YEAR = {1997},
   MRCLASS = {05C25},
  MRNUMBER = {1447704},
}


@article {EP,
    AUTHOR = {Epstein, D. B. A. and Penner, R. C.},
     TITLE = {Euclidean decompositions of noncompact hyperbolic manifolds},
   JOURNAL = {J. Differential Geom.},
  FJOURNAL = {Journal of Differential Geometry},
    VOLUME = {27},
      YEAR = {1988},
    NUMBER = {1},
     PAGES = {67--80},
      ISSN = {0022-040X},
   MRCLASS = {57N15 (20H10 22E40 51M10)},
  MRNUMBER = {918457},
MRREVIEWER = {N. V. Ivanov},
       URL = {http://projecteuclid.org.ezproxy.gc.cuny.edu/euclid.jdg/1214441650},
}
	
@article {CDW,
    AUTHOR = {Chesebro, Eric and DeBlois, Jason and Wilton, Henry},
     TITLE = {Some virtually special hyperbolic 3-manifold groups},
   JOURNAL = {Comment. Math. Helv.},
  FJOURNAL = {Commentarii Mathematici Helvetici. A Journal of the Swiss
              Mathematical Society},
    VOLUME = {87},
      YEAR = {2012},
    NUMBER = {3},
     PAGES = {727--787},
      ISSN = {0010-2571},
   MRCLASS = {57M10 (20E26 20F55)},
  MRNUMBER = {2980525},
MRREVIEWER = {Riikka Kangaslampi},
       DOI = {10.4171/CMH/267},
       URL = {https://doi-org.ezproxy.gc.cuny.edu/10.4171/CMH/267},
}
	
	

@article {C-R,
    AUTHOR = {Rivin, Igor},
     TITLE = {On geometry of convex ideal polyhedra in hyperbolic
              {$3$}-space},
   JOURNAL = {Topology},
  FJOURNAL = {Topology. An International Journal of Mathematics},
    VOLUME = {32},
      YEAR = {1993},
    NUMBER = {1},
     PAGES = {87--92},
      ISSN = {0040-9383},
   MRCLASS = {52B10 (52A55 57M50)},
  MRNUMBER = {1204408},
MRREVIEWER = {Alan W. Reid},
       DOI = {10.1016/0040-9383(93)90039-X},
       URL = {https://doi-org.ezproxy.gc.cuny.edu/10.1016/0040-9383(93)90039-X},
}


@article {CA1,
AUTHOR = {Adams, Colin and Calderon, Aaron and Mayer, Nathaniel},
TITLE = {Generalized bipyramids and hyperbolic volumes of alternating {$k$}-uniform tiling links},
JOURNAL = {Topology Appl.},
  FJOURNAL = {Topology and its Applications},
    VOLUME = {271},
YEAR = {2020},
     PAGES = {107045, 28},
      ISSN = {0166-8641},
   MRCLASS = {57M25 (57M50)},
  MRNUMBER = {4046919},
       DOI = {10.1016/j.topol.2019.107045},
       URL = {https://doi-org.ezproxy.gc.cuny.edu/10.1016/j.topol.2019.107045},
}

	
@book {JSJ1,
    AUTHOR = {Johannson, Klaus},
     TITLE = {Homotopy equivalences of {$3$}-manifolds with boundaries},
    SERIES = {Lecture Notes in Mathematics},
    VOLUME = {761},
 PUBLISHER = {Springer, Berlin},
      YEAR = {1979},
     PAGES = {ii+303},
      ISBN = {3-540-09714-7},
   MRCLASS = {57N10},
  MRNUMBER = {551744},
MRREVIEWER = {John Hempel},
}
	
	
@incollection {JSJ,
    AUTHOR = {Jaco, William and Shalen, Peter B.},
     TITLE = {A new decomposition theorem for irreducible sufficiently-large
              {$3$}-manifolds},
 BOOKTITLE = {Algebraic and geometric topology ({P}roc. {S}ympos. {P}ure
              {M}ath., {S}tanford {U}niv., {S}tanford, {C}alif., 1976),
              {P}art 2},
    SERIES = {Proc. Sympos. Pure Math., XXXII},
     PAGES = {71--84},
 PUBLISHER = {Amer. Math. Soc., Providence, R.I.},
      YEAR = {1978},
   MRCLASS = {57N10},
  MRNUMBER = {520524},
MRREVIEWER = {J. S. Birman},
}



@article {CA2,
    AUTHOR = {Adams, C. and Albors-Riera, C. and Haddock, B. and Li, Z. and
              Nishida, D. and Reinoso, B. and Wang, L.},
     TITLE = {Hyperbolicity of links in thickened surfaces},
   JOURNAL = {Topology Appl.},
  FJOURNAL = {Topology and its Applications},
    VOLUME = {256},
      YEAR = {2019},
     PAGES = {262--278},
      ISSN = {0166-8641},
   MRCLASS = {57M25},
  MRNUMBER = {3916014},
       DOI = {10.1016/j.topol.2019.01.022},
       URL = {https://doi-org.ezproxy.gc.cuny.edu/10.1016/j.topol.2019.01.022},
}


@article {censusOct,
    AUTHOR = {G\"{o}rner, Matthias},
     TITLE = {Regular tessellation link complements},
   JOURNAL = {Exp. Math.},
  FJOURNAL = {Experimental Mathematics},
    VOLUME = {24},
      YEAR = {2015},
    NUMBER = {2},
     PAGES = {225--246},
      ISSN = {1058-6458},
   MRCLASS = {57M27 (57M10 57M25)},
  MRNUMBER = {3350527},
MRREVIEWER = {Paola Bandieri},
       DOI = {10.1080/10586458.2014.986310},
       URL = {https://doi-org.ezproxy.gc.cuny.edu/10.1080/10586458.2014.986310},
}


@article {censusTet,
    AUTHOR = {Fominykh, Evgeny and Garoufalidis, Stavros and Goerner,
              Matthias and Tarkaev, Vladimir and Vesnin, Andrei},
     TITLE = {A census of tetrahedral hyperbolic manifolds},
   JOURNAL = {Exp. Math.},
  FJOURNAL = {Experimental Mathematics},
    VOLUME = {25},
      YEAR = {2016},
    NUMBER = {4},
     PAGES = {466--481},
      ISSN = {1058-6458},
   MRCLASS = {57N10 (57M25 57M50)},
  MRNUMBER = {3499710},
MRREVIEWER = {Carlo Petronio},
       DOI = {10.1080/10586458.2015.1114436},
       URL = {https://doi-org.ezproxy.gc.cuny.edu/10.1080/10586458.2015.1114436},
}	

@article {atkinson,
    AUTHOR = {Atkinson, Christopher K.},
     TITLE = {Volume estimates for equiangular hyperbolic {C}oxeter
              polyhedra},
   JOURNAL = {Algebr. Geom. Topol.},
  FJOURNAL = {Algebraic \& Geometric Topology},
    VOLUME = {9},
      YEAR = {2009},
    NUMBER = {2},
     PAGES = {1225--1254},
      ISSN = {1472-2747},
   MRCLASS = {57M50 (30F45)},
  MRNUMBER = {2519588},
       DOI = {10.2140/agt.2009.9.1225},
       URL = {https://doi-org.ezproxy.gc.cuny.edu/10.2140/agt.2009.9.1225},
}

@incollection {Casson-Rivin,
    AUTHOR = {Futer, David and Gu\'{e}ritaud, Fran\c{c}ois},
     TITLE = {From angled triangulations to hyperbolic structures},
 BOOKTITLE = {Interactions between hyperbolic geometry, quantum topology and
              number theory},
    SERIES = {Contemp. Math.},
    VOLUME = {541},
     PAGES = {159--182},
 PUBLISHER = {Amer. Math. Soc., Providence, RI},
      YEAR = {2011},
   MRCLASS = {57M50 (57M27)},
  MRNUMBER = {2796632},
MRREVIEWER = {Thilo Kuessner},
       DOI = {10.1090/conm/541/10683},
       URL = {https://doi-org.ezproxy.gc.cuny.edu/10.1090/conm/541/10683},
}

@article{Milnor,
author = "Milnor, John W.",
fjournal = "Bulletin (New Series) of the American Mathematical Society",
journal = "Bull. Amer. Math. Soc. (N.S.)",
month = "01",
number = "1",
pages = "9--24",
publisher = "American Mathematical Society",
title = "Hyperbolic geometry: The first 150 years",
url = "https://projecteuclid.org:443/euclid.bams/1183548588",
volume = "6",
year = "1982"
}

@misc{Culler,
	Author = {Culler, M., Dunfield, N., M. Goerner, M., and Weeks, J. R},
	Howpublished = {Available at http://snappy.computop.org.},
	Title = {SnapPy, a computer program for studying the geometry and topology of 3-manifolds.},
	Year = {2016}}


@article {SW,
    AUTHOR = {Sakuma, Makoto and Weeks, Jeffrey},
     TITLE = {Examples of canonical decompositions of hyperbolic link
              complements},
   JOURNAL = {Japan. J. Math. (N.S.)},
  FJOURNAL = {Japanese Journal of Mathematics. New Series},
    VOLUME = {21},
      YEAR = {1995},
    NUMBER = {2},
     PAGES = {393--439},
      ISSN = {0289-2316},
   MRCLASS = {57M50 (57N10)},
  MRNUMBER = {1364387},
MRREVIEWER = {Darren D. Long},
       DOI = {10.4099/math1924.21.393},
       URL = {https://doi-org.ezproxy.gc.cuny.edu/10.4099/math1924.21.393},
}


@book {Gueritaud,
    AUTHOR = {Gueritaud, Francois},
     TITLE = {Hyperbolic geometry and canonical triangulations in dimension
              three},
      NOTE = {Thesis (Ph.D.)--University of Southern California},
 PUBLISHER = {ProQuest LLC, Ann Arbor, MI},
      YEAR = {2006},
     PAGES = {164},
      ISBN = {978-1109-95794-5},
   MRCLASS = {Thesis},
  MRNUMBER = {2710030},
       URL =
              {http://gateway.proquest.com.ezproxy.gc.cuny.edu/openurl?url_ver=Z39.88-2004&rft_val_fmt=info:ofi/fmt:kev:mtx:dissertation&res_dat=xri:pqdiss&rft_dat=xri:pqdiss:3257833},
}


@article{JessJosh,
	AUTHOR = {Howie, Joshua A. and Purcell, Jessica S.},
	TITLE = {Geometry of alternating links on surfaces},
	JOURNAL = {Trans. Amer. Math. Soc.},
	FJOURNAL = {Transactions of the American Mathematical Society},
	VOLUME = {373},
	YEAR = {2020},
	NUMBER = {4},
	PAGES = {2349--2397},
	ISSN = {0002-9947},
	MRCLASS = {57K10 (57K32)},
	MRNUMBER = {4069222},
	DOI = {10.1090/tran/7929},
	URL = {https://doi-org.ezproxy.gc.cuny.edu/10.1090/tran/7929},
}





	
	@article {Lackenby,
    AUTHOR = {Lackenby, Marc},
     TITLE = {The volume of hyperbolic alternating link complements},
      NOTE = {With an appendix by Ian Agol and Dylan Thurston},
   JOURNAL = {Proc. London Math. Soc. (3)},
  FJOURNAL = {Proceedings of the London Mathematical Society. Third Series},
    VOLUME = {88},
      YEAR = {2004},
    NUMBER = {1},
     PAGES = {204--224},
      ISSN = {0024-6115},
   MRCLASS = {57M25 (57M50 57N10)},
  MRNUMBER = {2018964},
MRREVIEWER = {Carlo Petronio},
       DOI = {10.1112/S0024611503014291},
       URL = {https://doi-org.ezproxy.gc.cuny.edu/10.1112/S0024611503014291},
}


@article {Miya,
    AUTHOR = {Miyamoto, Yosuke},
     TITLE = {Volumes of hyperbolic manifolds with geodesic boundary},
   JOURNAL = {Topology},
  FJOURNAL = {Topology. An International Journal of Mathematics},
    VOLUME = {33},
      YEAR = {1994},
    NUMBER = {4},
     PAGES = {613--629},
      ISSN = {0040-9383},
   MRCLASS = {57M50 (57M99)},
  MRNUMBER = {1293303},
MRREVIEWER = {Alan W. Reid},
       DOI = {10.1016/0040-9383(94)90001-9},
       URL = {https://doi-org.ezproxy.gc.cuny.edu/10.1016/0040-9383(94)90001-9},
}

@article {BandS,
    AUTHOR = {Bobenko, Alexander I. and Springborn, Boris A.},
     TITLE = {Variational principles for circle patterns and {K}oebe's
              theorem},
   JOURNAL = {Trans. Amer. Math. Soc.},
  FJOURNAL = {Transactions of the American Mathematical Society},
    VOLUME = {356},
      YEAR = {2004},
    NUMBER = {2},
     PAGES = {659--689},
      ISSN = {0002-9947},
   MRCLASS = {52C26 (05B40 57M50)},
  MRNUMBER = {2022715},
MRREVIEWER = {Igor Rivin},
       DOI = {10.1090/S0002-9947-03-03239-2},
       URL = {https://doi-org.ezproxy.gc.cuny.edu/10.1090/S0002-9947-03-03239-2},
}



@misc{Thurston,
	Author = {Thurston, W. P.},
	Date-Added = {2018-01-17 00:01:53 +0000},
	Date-Modified = {2018-01-17 00:03:41 +0000},
	Howpublished = {Princeton Univ. Math. Dept. Notes. Available at http://www.msri.org/communications/books/gt3m. [2, 21, 50, 58, 68, 87, 89, 94, 97, 99, 138, 196]},
	Title = {The Geometry and Topology of Three-Manifolds},
	Year = {1979}
}


@article{CKP2,
	author = {Champanerkar, Abhijit and Kofman, Ilya and Purcell, Jessica S.},
	title = {Geometry of biperiodic alternating links},
	journal = {J. Lond. Math. Soc. (2)},
	fjournal = {Journal of the London Mathematical Society. Second Series},
	volume = {99},
	year = {2019},
	number = {3},
	pages = {807--830},
	issn = {0024-6107},
	mrclass = {57M25},
	mrnumber = {3977891},
	mrreviewer= {Quach thi C\^{a}m V\^{a}n},
	doi = {10.1112/jlms.12195},
	url = {https://doi-org.ezproxy.gc.cuny.edu/10.1112/jlms.12195},
}






@book{JW-book,
	Author = {J. W. Anderson},
	Date-Added = {2018-01-04 16:48:04 +0000},
	Date-Modified = {2018-01-04 16:49:19 +0000},
	Publisher = {Springer-Verlag, London},
	Title = {Hyperbolic Geometry},
	Year = {2007}}

@book{Bon-book,
	Author = {Bonahon, Francis},
	Date-Added = {2018-01-04 16:40:08 +0000},
	Date-Modified = {2018-01-04 16:46:02 +0000},
	Howpublished = {Providence, RI: Ameri- can Mathematical Society, 2009. N. pag. Print.},
	Publisher = {Providence, RI: Ameri- can Mathematical Society},
	Title = {Low-dimensional Geometry: From Euclidean Surfaces to Hyperbolic Knots},
	Year = {2009. N. pag. Print.}}




@article{CKPtriax,
	Author = {Champanerkar, Abhijit and Kofman, Ilya},
	Journal = {New York J. Math.},
	Number = {22},
	Pages = {891-906},
	Title = {Determinant density and biperiodic alternating links},
	Volume = {2},
	Year = {2016}}
	

@article{CKPgmax,
	Author = {Champanerkar, Abhijit and Kofman, Ilya and Purcell, Jessica S.},
	Fjournal = {Journal of the London Mathematical Society. Second Series},
	Issn = {0024-6107},
	Journal = {J. Lond. Math. Soc. (2)},
	Mrclass = {57M25 (57M50)},
	Mrnumber = {3614933},
	Mrreviewer = {Colin C. Adams},
	Number = {3},
	Pages = {883--908},
	Title = {Geometrically and diagrammatically maximal knots},
	Url = {https://doi.org/10.1112/jlms/jdw062},
	Volume = {94},
	Year = {2016},
	Bdsk-Url-1 = {https://doi.org/10.1112/jlms/jdw062}}

@article{CKPweaving,
	Author = {Champanerkar, Abhijit and Kofman, Ilya and Purcell, Jessica S.},
	Doi = {10.2140/agt.2016.16.3301},
	Fjournal = {Algebraic \& Geometric Topology},
	Issn = {1472-2747},
	Journal = {Algebr. Geom. Topol.},
	Mrclass = {57M25 (57M50)},
	Mrnumber = {3584259},
	Mrreviewer = {Colin C. Adams},
	Number = {6},
	Pages = {3301--3323},
	Title = {Volume bounds for weaving knots},
	Url = {http://dx.doi.org/10.2140/agt.2016.16.3301},
	Volume = {16},
	Year = {2016},
	Bdsk-Url-1 = {http://dx.doi.org/10.2140/agt.2016.16.3301}}

@article{CFKNPttk,
	Author = {Champanerkar, Abhijit and Futer, David and Kofman, Ilya and Neumann, Walter and Purcell, Jessica S.},
	Doi = {10.4310/MRL.2011.v18.n6.a5},
	Fjournal = {Mathematical Research Letters},
	Issn = {1073-2780},
	Journal = {Math. Res. Lett.},
	Mrclass = {57M50 (57M25)},
	Mrnumber = {2915470},
	Mrreviewer = {Colin C. Adams},
	Number = {6},
	Pages = {1097--1120},
	Title = {Volume bounds for generalized twisted torus links},
	Url = {http://dx.doi.org/10.4310/MRL.2011.v18.n6.a5},
	Volume = {18},
	Year = {2011},
	Bdsk-Url-1 = {http://dx.doi.org/10.4310/MRL.2011.v18.n6.a5}}

@incollection{JessicaP,
	Author = {Purcell, Jessica S.},
	Booktitle = {Interactions between hyperbolic geometry, quantum topology and number theory},
	Date-Modified = {2018-06-14 00:20:06 +0000},
	Mrclass = {57M25 (57M50)},
	Mrnumber = {2796634},
	Mrreviewer = {James Roger Conant},
	Pages = {205--220},
	Publisher = {Amer. Math. Soc., Providence, RI},
	Series = {Contemp. Math.},
	Title = {An introduction to fully augmented links},
	Url = {https://doi.org/10.1090/conm/541/10685},
	Volume = {541},
	Year = {2011},
	Bdsk-Url-1 = {https://doi.org/10.1090/conm/541/10685}}

@incollection{FG-angles,
	Address = {Providence, RI},
	Author = {Futer, David and Gu{\'e}ritaud, Fran{\c{c}}ois},
	Booktitle = {Interactions between hyperbolic geometry, quantum topology and number theory},
	Doi = {10.1090/conm/541/10683},
	Mrclass = {57M50 (57M27)},
	Mrnumber = {2796632 (2012j:57038)},
	Mrreviewer = {Thilo Kuessner},
	Pages = {159--182},
	Publisher = {Amer. Math. Soc.},
	Series = {Contemp. Math.},
	Title = {From angled triangulations to hyperbolic structures},
	Url = {http://dx.doi.org/10.1090/conm/541/10683},
	Volume = {541},
	Year = {2011},
	Bdsk-Url-1 = {http://dx.doi.org/10.1090/conm/541/10683}}
	
@article {adamsTP,
    AUTHOR = {Adams, Colin C.},
     TITLE = {Thrice-punctured spheres in hyperbolic {$3$}-manifolds},
   JOURNAL = {Trans. Amer. Math. Soc.},
  FJOURNAL = {Transactions of the American Mathematical Society},
    VOLUME = {287},
      YEAR = {1985},
    NUMBER = {2},
     PAGES = {645--656},
      ISSN = {0002-9947},
   MRCLASS = {57N10 (57M25)},
  MRNUMBER = {768730},
       DOI = {10.2307/1999666},
       URL = {https://doi-org.ezproxy.gc.cuny.edu/10.2307/1999666},
}

@book{BP-book,
	Author = {Benedetti, Riccardo and Petronio, Carlo},
	Isbn = {3-540-55534-X},
	Mrclass = {57M50 (30F40 30F60 51M10 57N10)},
	Mrnumber = {1219310},
	Mrreviewer = {Colin C. Adams},
	Pages = {xiv+330},
	Publisher = {Springer-Verlag, Berlin},
	Series = {Universitext},
	Title = {Lectures on hyperbolic geometry},
	Url = {https://doi.org/10.1007/978-3-642-58158-8},
	Year = {1992},
	Bdsk-Url-1 = {https://doi.org/10.1007/978-3-642-58158-8}}

@article{Adams-bipyramids,
	Author = {Adams, Colin},
	Fjournal = {Topology and its Applications},
	Issn = {0166-8641},
	Journal = {Topology Appl.},
	Mrclass = {57M50 (57M25 57M27)},
	Mrnumber = {3630197},
	Mrreviewer = {Sadayoshi Kojima},
	Pages = {100--114},
	Title = {Bipyramids and bounds on volumes of hyperbolic links},
	Url = {https://doi.org/10.1016/j.topol.2017.03.002},
	Volume = {222},
	Year = {2017},
	Bdsk-Url-1 = {https://doi.org/10.1016/j.topol.2017.03.002}}


@misc{Martelli-book,
	Author = {Martelli, B.},
	Date-Modified = {2018-01-04 16:37:12 +0000},
	Howpublished = {http://www.dm.unipi.it/pages/petronio/public\_html/progs.html},
	Title = {An Introduction to Geometric Topology}}


@incollection{Menasco,
	Address = {Providence, RI},
	Author = {Menasco, William W.},
	Booktitle = {Low-dimensional topology ({S}an {F}rancisco, {C}alif., 1981)},
	Date-Modified = {2018-01-14 07:07:39 +0000},
	Mrclass = {57M25},
	Mrnumber = {MR718149 (85e:57006)},
	Pages = {305--325},
	Publisher = {Amer. Math. Soc.},
	Series = {Contemp. Math.},
	Title = {Polyhedra representation of link complements},
	Volume = {20},
	Year = {1983}}


	
@article{Rochythesis,
Author={Rochy Flint},
Journal={CUNY Academic Works.},
Title={Intercusp Geodesics and Cusp Shapes of Fully Augmented Links},
Year={2017}
}
	

@article {CAdense,
    AUTHOR = {Adams, Colin and Kastner, Alexander and Calderon, Aaron and
              Jiang, Xinyi and Kehne, Gregory and Mayer, Nathaniel and
              Smith, Mia},
     TITLE = {Volume and determinant densities of hyperbolic rational links},
   JOURNAL = {J. Knot Theory Ramifications},
  FJOURNAL = {Journal of Knot Theory and its Ramifications},
    VOLUME = {26},
      YEAR = {2017},
    NUMBER = {1},
     PAGES = {1750002, 13},
      ISSN = {0218-2165},
   MRCLASS = {57M25 (57M50)},
  MRNUMBER = {3597249},
MRREVIEWER = {Bruno Martelli},
       DOI = {10.1142/S021821651750002X},
       URL = {https://doi-org.ezproxy.gc.cuny.edu/10.1142/S021821651750002X},
}

@article{Gof3M,
	Author = {Thurston, W. P.},
	Date-Added = {2018-11-15 04:36:17 +0000},
	Date-Modified = {2018-11-15 04:36:56 +0000},
	Journal = {Princeton lecture notes},
	Pages = {(1978--1981)},
	Title = {William Thurston, The geometry and topology of 3-manifolds}}

	
@incollection {CA,
    AUTHOR = {Adams, Colin C.},
     TITLE = {Augmented alternating link complements are hyperbolic},
 BOOKTITLE = {Low-dimensional topology and {K}leinian groups
              ({C}oventry/{D}urham, 1984)},
    SERIES = {London Math. Soc. Lecture Note Ser.},
    VOLUME = {112},
     PAGES = {115--130},
 PUBLISHER = {Cambridge Univ. Press, Cambridge},
      YEAR = {1986},
   MRCLASS = {57M25 (57N10)},
  MRNUMBER = {903861},
MRREVIEWER = {W. Heil},
}


@article{Emil,
	Author = {Emil Molnar},
	Date-Added = {2018-11-15 04:29:00 +0000},
	Date-Modified = {2018-11-15 04:29:48 +0000},
	Journal = {Contributions to Algebra and Geomtry},
	Number = {2},
	Pages = {261-288},
	Title = {The Projective Interpretation of the Eight 3-dimensional Homogeneous Geometries},
	Volume = {38},
	Year = {1997}}




@misc{P3,
    AUTHOR = {Perelman, G.},
     TITLE = {Finite extinction time for the solutions to the Ricci flow on certain three manifolds},
     YEAR ={arXiv:math/0307245 [math.DG], 2003},
}


@misc{P2,
    AUTHOR = {Perelman, G.},
     TITLE = {Ricci flow with surgery on three-manifolds},
     YEAR ={arXiv:math/0303109 [math.DG], 2003},
}


@article{PC1,
	Author = {G. Perelman,},
	Date-Added = {2018-11-15 04:22:40 +0000},
	Date-Modified = {2018-11-15 04:24:05 +0000},
	Journal = {arXiv:math/0211159 [45]},
	Title = {The entropy formula for the Ricci flow and its geometric applications},
	Year = {2002}}


@article {3Dthurston,
    AUTHOR = {Otal, Jean-Pierre},
     TITLE = {William {P}. {T}hurston: ``{T}hree-dimensional manifolds,
              {K}leinian groups and hyperbolic geometry''},
   JOURNAL = {Jahresber. Dtsch. Math.-Ver.},
  FJOURNAL = {Jahresbericht der Deutschen Mathematiker-Vereinigung},
    VOLUME = {116},
      YEAR = {2014},
    NUMBER = {1},
     PAGES = {3--20},
      ISSN = {0012-0456},
   MRCLASS = {01A72 (01A75 57-02)},
  MRNUMBER = {3179624},
       DOI = {10.1365/s13291-014-0079-5},
       URL = {https://doi-org.ezproxy.gc.cuny.edu/10.1365/s13291-014-0079-5},
}


@article {Scott,
    AUTHOR = {Scott, Peter},
     TITLE = {The geometries of {$3$}-manifolds},
   JOURNAL = {Bull. London Math. Soc.},
  FJOURNAL = {The Bulletin of the London Mathematical Society},
    VOLUME = {15},
      YEAR = {1983},
    NUMBER = {5},
     PAGES = {401--487},
      ISSN = {0024-6093},
   MRCLASS = {57N10 (22E10 53C20)},
  MRNUMBER = {705527},
MRREVIEWER = {John Hempel},
       DOI = {10.1112/blms/15.5.401},
       URL = {https://doi-org.ezproxy.gc.cuny.edu/10.1112/blms/15.5.401},
}


@article {Uni,
    AUTHOR = {Abikoff, William},
     TITLE = {The uniformization theorem},
   JOURNAL = {Amer. Math. Monthly},
  FJOURNAL = {American Mathematical Monthly},
    VOLUME = {88},
      YEAR = {1981},
    NUMBER = {8},
     PAGES = {574--592},
      ISSN = {0002-9890},
   MRCLASS = {30-03 (01A55 01A60 30F10)},
  MRNUMBER = {628026},
MRREVIEWER = {B. Maskit},
       DOI = {10.2307/2320507},
       URL = {https://doi-org.ezproxy.gc.cuny.edu/10.2307/2320507},
}


@article {DT,
    AUTHOR = {Sullivan, Dennis and Thurston, W. P. },
     TITLE = {Manifolds with canonical coordinate charts: some examples},
   JOURNAL = {Enseign. Math. (2)},
  FJOURNAL = {L'Enseignement Math\'{e}matique. Revue Internationale. IIe S\'{e}rie},
    VOLUME = {29},
      YEAR = {1983},
    NUMBER = {1-2},
     PAGES = {15--25},
      ISSN = {0013-8584},
   MRCLASS = {53C10 (57R15 57R99 58A05)},
  MRNUMBER = {702731},
MRREVIEWER = {G. Peter Scott},
}

@article{Wallace,
	Author = {A.H. Wallace},
	Date-Added = {2018-11-15 04:03:54 +0000},
	Date-Modified = {2018-11-15 04:04:46 +0000},
	Journal = {Can. J. Math.},
	Keywords = {doi:10.4153/cjm-1960-045-7},
	Pages = {503--528},
	Title = {Modifications and cobounding manifolds},
	Volume = {12},
	Year = {1960}}

@article{Likorish,
	Author = {W.B.R. Likorish},
	Date-Added = {2018-11-15 04:01:25 +0000},
	Date-Modified = {2018-11-15 04:03:52 +0000},
	Journal = {Ann. of Math.},
	Keywords = {doi:10.2307/1970373, JSTOR 1970373},
	Number = {3},
	Pages = {531--540},
	Title = {A representation of orientable combinatorial 3-manifold},
	Volume = {76},
	Year = {1962}}

@article{Miya,
	Author = {Yosuke Miyamoto},
	Date-Added = {2018-06-14 00:37:14 +0000},
	Date-Modified = {2018-06-14 00:38:15 +0000},
	Journal = {Topology},
	Number = {4},
	Pages = {613-629},
	Title = {Volumes of hyperbolic manifolds with geodesic boundary},
	Volume = {33},
	Year = {1994}
}


@book{JW-book,
	Author = {J. W. Anderson},
	Date-Added = {2018-01-04 16:48:04 +0000},
	Date-Modified = {2018-01-04 16:49:19 +0000},
	Publisher = {Springer-Verlag, London},
	Title = {Hyperbolic Geometry},
	Year = {2007}}

@book{Bon-book,
	Author = {Bonahon, Francis},
	Date-Added = {2018-01-04 16:40:08 +0000},
	Date-Modified = {2018-01-04 16:46:02 +0000},
	Howpublished = {Providence, RI: Ameri- can Mathematical Society, 2009. N. pag. Print.},
	Publisher = {Providence, RI: Ameri- can Mathematical Society},
	Title = {Low-dimensional Geometry: From Euclidean Surfaces to Hyperbolic Knots},
	Year = {2009. N. pag. Print.}}
	

@book{JP-book,
author = {Purcell, Jessica S.},
title = {Hyperbolic Knot Theory},
series = {Graduate Studies in Mathematics, to appear},
publisher = {American Mathematical Society, Providence, RI},
year = {2020},

}	



@article{CKPgmax,
	Author = {Champanerkar, Abhijit and Kofman, Ilya and Purcell, Jessica S.},
	Fjournal = {Journal of the London Mathematical Society. Second Series},
	Issn = {0024-6107},
	Journal = {J. Lond. Math. Soc. (2)},
	Mrclass = {57M25 (57M50)},
	Mrnumber = {3614933},
	Mrreviewer = {Colin C. Adams},
	Number = {3},
	Pages = {883--908},
	Title = {Geometrically and diagrammatically maximal knots},
	Url = {https://doi.org/10.1112/jlms/jdw062},
	Volume = {94},
	Year = {2016},
	Bdsk-Url-1 = {https://doi.org/10.1112/jlms/jdw062}}

@article{CKPweaving,
	Author = {Champanerkar, Abhijit and Kofman, Ilya and Purcell, Jessica S.},
	Doi = {10.2140/agt.2016.16.3301},
	Fjournal = {Algebraic \& Geometric Topology},
	Issn = {1472-2747},
	Journal = {Algebr. Geom. Topol.},
	Mrclass = {57M25 (57M50)},
	Mrnumber = {3584259},
	Mrreviewer = {Colin C. Adams},
	Number = {6},
	Pages = {3301--3323},
	Title = {Volume bounds for weaving knots},
	Url = {http://dx.doi.org/10.2140/agt.2016.16.3301},
	Volume = {16},
	Year = {2016},
	Bdsk-Url-1 = {http://dx.doi.org/10.2140/agt.2016.16.3301}}

@article{CFKNPttk,
	Author = {Champanerkar, Abhijit and Futer, David and Kofman, Ilya and Neumann, Walter and Purcell, Jessica S.},
	Doi = {10.4310/MRL.2011.v18.n6.a5},
	Fjournal = {Mathematical Research Letters},
	Issn = {1073-2780},
	Journal = {Math. Res. Lett.},
	Mrclass = {57M50 (57M25)},
	Mrnumber = {2915470},
	Mrreviewer = {Colin C. Adams},
	Number = {6},
	Pages = {1097--1120},
	Title = {Volume bounds for generalized twisted torus links},
	Url = {http://dx.doi.org/10.4310/MRL.2011.v18.n6.a5},
	Volume = {18},
	Year = {2011},
	Bdsk-Url-1 = {http://dx.doi.org/10.4310/MRL.2011.v18.n6.a5}}

@incollection{JessicaP,
	Author = {Purcell, Jessica S.},
	Booktitle = {Interactions between hyperbolic geometry, quantum topology and number theory},
	Date-Modified = {2018-06-14 00:20:06 +0000},
	Mrclass = {57M25 (57M50)},
	Mrnumber = {2796634},
	Mrreviewer = {James Roger Conant},
	Pages = {205--220},
	Publisher = {Amer. Math. Soc., Providence, RI},
	Series = {Contemp. Math.},
	Title = {An introduction to fully augmented links},
	Url = {https://doi.org/10.1090/conm/541/10685},
	Volume = {541},
	Year = {2011},
	Bdsk-Url-1 = {https://doi.org/10.1090/conm/541/10685}}

@incollection{FG-angles,
	Address = {Providence, RI},
	Author = {Futer, David and Gu{\'e}ritaud, Fran{\c{c}}ois},
	Booktitle = {Interactions between hyperbolic geometry, quantum topology and number theory},
	Doi = {10.1090/conm/541/10683},
	Mrclass = {57M50 (57M27)},
	Mrnumber = {2796632 (2012j:57038)},
	Mrreviewer = {Thilo Kuessner},
	Pages = {159--182},
	Publisher = {Amer. Math. Soc.},
	Series = {Contemp. Math.},
	Title = {From angled triangulations to hyperbolic structures},
	Url = {http://dx.doi.org/10.1090/conm/541/10683},
	Volume = {541},
	Year = {2011},
	Bdsk-Url-1 = {http://dx.doi.org/10.1090/conm/541/10683}}

@book{BP-book,
	Author = {Benedetti, Riccardo and Petronio, Carlo},
	Isbn = {3-540-55534-X},
	Mrclass = {57M50 (30F40 30F60 51M10 57N10)},
	Mrnumber = {1219310},
	Mrreviewer = {Colin C. Adams},
	Pages = {xiv+330},
	Publisher = {Springer-Verlag, Berlin},
	Series = {Universitext},
	Title = {Lectures on hyperbolic geometry},
	Url = {https://doi.org/10.1007/978-3-642-58158-8},
	Year = {1992},
	Bdsk-Url-1 = {https://doi.org/10.1007/978-3-642-58158-8}}

@article{Adams-bipyramids,
	Author = {Adams, Colin},
	Fjournal = {Topology and its Applications},
	Issn = {0166-8641},
	Journal = {Topology Appl.},
	Mrclass = {57M50 (57M25 57M27)},
	Mrnumber = {3630197},
	Mrreviewer = {Sadayoshi Kojima},
	Pages = {100--114},
	Title = {Bipyramids and bounds on volumes of hyperbolic links},
	Url = {https://doi.org/10.1016/j.topol.2017.03.002},
	Volume = {222},
	Year = {2017},
	Bdsk-Url-1 = {https://doi.org/10.1016/j.topol.2017.03.002}}



@misc{snappy,
	Author = {Culler, Marc and Dunfield, Nathan M. and Weeks, Jeffrey R.},
	Howpublished = {{\tt http://\allowbreak snappy.\allowbreak computop.\allowbreak org}},
	Title = {{SnapPy, a computer program for studying the geometry and topology of 3 -manifolds}}}


@book{FF,
    AUTHOR = {Ford, Jr., L. R. and Fulkerson, D. R.},
     TITLE = {Flows in networks},
    SERIES = {Princeton Landmarks in Mathematics},
      NOTE = {Paperback edition [of MR0159700],
              With a new foreword by Robert G. Bland and James B. Orlin},
 PUBLISHER = {Princeton University Press, Princeton, NJ},
      YEAR = {2010},
     PAGES = {xx+194},
      ISBN = {978-0-691-14667-6},
   MRCLASS = {90-02 (05C31 05C82 90B10 90C05 90C08)},
  MRNUMBER = {2729968},
}
